%fed avg procedure
@article{
    fedavg,
    doi = {10.48550/ARXIV.1602.05629},
    url = {https://arxiv.org/abs/1602.05629},
    author = {McMahan, H. Brendan and Moore, Eider and Ramage, Daniel and Hampson, Seth and Arcas, Blaise Ag√ºera y},
    keywords = {Machine Learning (cs.LG), FOS: Computer and information sciences, FOS: Computer and information sciences},
    title = {Communication-Efficient Learning of Deep Networks from Decentralized Data},
    publisher = {arXiv},
    year = {2016},
    copyright = {arXiv.org perpetual, non-exclusive license}
}

% trim-mean
@inproceedings{
    trim-mean,
    title={{B}yzantine-Robust Distributed Learning: Towards Optimal Statistical Rates},
    author={Yin, Dong and Chen, Yudong and Kannan, Ramchandran and Bartlett, Peter},
    booktitle={Proceedings of the 35th International Conference on Machine Learning},
    pages={5650--5659},
    year={2018},
    editor={Dy, Jennifer and Krause, Andreas},
    volume={80},
    series={Proceedings of Machine Learning Research},
    month={10--15 Jul},
    publisher={PMLR},
    pdf={http://proceedings.mlr.press/v80/yin18a/yin18a.pdf},
    url={https://proceedings.mlr.press/v80/yin18a.html}
}

% dba
@inproceedings{
    dba,
    title={DBA: Distributed Backdoor Attacks against Federated Learning},
    author={Chulin Xie and Keli Huang and Pin-Yu Chen and Bo Li},
    booktitle={International Conference on Learning Representations},
    year={2020},
    url={https://openreview.net/forum?id=rkgyS0VFvr}
}

% resnet models
@INPROCEEDINGS{
    resnet,
    author={He, Kaiming and Zhang, Xiangyu and Ren, Shaoqing and Sun, Jian},
    booktitle={2016 IEEE Conference on Computer Vision and Pattern Recognition (CVPR)}, 
    title={Deep Residual Learning for Image Recognition}, 
    year={2016},
    volume={},
    number={},
    pages={770-778},
    doi={10.1109/CVPR.2016.90}
}

% invisible stamp
@misc{
    stamp-invisible,
    doi = {10.48550/ARXIV.2012.03816},
    url = {https://arxiv.org/abs/2012.03816},
    author = {Li, Yuezun and Li, Yiming and Wu, Baoyuan and Li, Longkang and He, Ran and Lyu, Siwei},
    keywords = {Cryptography and Security (cs.CR), FOS: Computer and information sciences, FOS: Computer and information sciences},
    title = {Invisible Backdoor Attack with Sample-Specific Triggers},
    publisher = {arXiv},
    year = {2020},
    copyright = {arXiv.org perpetual, non-exclusive license}
}

% -------------------------------------------------------------------------
@misc{
    resid_wt,
    title={Attack-Resistant Federated Learning with Residual-based Reweighting},
    author={Shuhao Fu and Chulin Xie and Bo Li and Qifeng Chen},
    year={2020},
    url={https://openreview.net/forum?id=HkgAJxrYwr}
}

@misc{
    dynamic,
    title={Dynamic Backdoor Attacks Against Deep Neural Networks},
    author={Ahmed Salem and Rui Wen and Michael Backes and Shiqing Ma and Yang Zhang},
    year={2021},
    url={https://openreview.net/forum?id=6s480DdlRQQ}
}

@misc{
    baffle,
    title={{\{}BAFFLE{\}}: {\{}TOWARDS{\}} {\{}RESOLVING{\}} {\{}FEDERATED{\}} {\{}LEARNING{\}}{\textquoteright}S {\{}DILEMMA{\}} - {\{}THWARTING{\}} {\{}BACKDOOR{\}}  {\{}AND{\}} {\{}INFERENCE{\}} {\{}ATTACKS{\}}},
    author={Thien Duc Nguyen and Phillip Rieger and Hossein Yalame and Helen M{\"o}llering and Hossein Fereidooni and Samuel Marchal and Markus Miettinen and Azalia Mirhoseini and Ahmad-Reza Sadeghi and Thomas Schneider and Shaza Zeitouni},
    year={2021},
    url={https://openreview.net/forum?id=WrNjg9tCLUt}
}