% fed avg procedure
@article{
    fedavg,
    doi = {10.48550/ARXIV.1602.05629},
    url = {https://arxiv.org/abs/1602.05629},
    author = {McMahan, H. Brendan and Moore, Eider and Ramage, Daniel and Hampson, Seth and Arcas, Blaise Ag√ºera y},
    keywords = {Machine Learning (cs.LG), FOS: Computer and information sciences, FOS: Computer and information sciences},
    title = {Communication-Efficient Learning of Deep Networks from Decentralized Data},
    publisher = {arXiv},
    year = {2016},
    copyright = {arXiv.org perpetual, non-exclusive license}
}

% resnet models
@INPROCEEDINGS{
    resnet,
    author={He, Kaiming and Zhang, Xiangyu and Ren, Shaoqing and Sun, Jian},
    booktitle={2016 IEEE Conference on Computer Vision and Pattern Recognition (CVPR)}, 
    title={Deep Residual Learning for Image Recognition}, 
    year={2016},
    volume={},
    number={},
    pages={770-778},
    doi={10.1109/CVPR.2016.90}
}

% 
@misc{
    stamp-invisible,
    doi = {10.48550/ARXIV.2012.03816},
    url = {https://arxiv.org/abs/2012.03816},
    author = {Li, Yuezun and Li, Yiming and Wu, Baoyuan and Li, Longkang and He, Ran and Lyu, Siwei},
    keywords = {Cryptography and Security (cs.CR), FOS: Computer and information sciences, FOS: Computer and information sciences},
    title = {Invisible Backdoor Attack with Sample-Specific Triggers},
    publisher = {arXiv},
    year = {2020},
    copyright = {arXiv.org perpetual, non-exclusive license}
}
